<?xml version="1.0" encoding="UTF-8"?><collection xmlns="http://www.loc.gov/MARC21/slim"><record><leader>00375nam--2200121-i-4500</leader><controlfield tag="001">000014984</controlfield><controlfield tag="002">20161230</controlfield><controlfield tag="005">20161230201031</controlfield><controlfield tag="008">060222s1000------------r-----000-0-eng-d</controlfield><datafield ind1=" " ind2=" " tag="100"><subfield code="a">Horst Rothe Und Wernwe Kleen</subfield></datafield><datafield ind1=" " ind2=" " tag="245"><subfield code="a">Bucherei der hochfrequenztechnik. elektronenrohren als anfangsstufen-verstarker</subfield></datafield><datafield ind1=" " ind2=" " tag="260"><subfield code="a">Leipzig, Akademische Verlagsgesellschaft, 1955</subfield></datafield><datafield ind1=" " ind2=" " tag="852"><subfield code="a">12331</subfield></datafield></record></collection>